@article{Halliday1970IM,
  title={Language structure and language function},
  author={Halliday, Michael AK},
  journal={New horizons in linguistics},
  volume={1},
  pages={140--165},
  year={1970},
  publisher={Harmondsworth}
}

@article{Nur,
  title={Analysis of interpersonal metafunction in public speeches: A case study of {Nelson Mandela}'s presidential inauguration speech},
  author={Nur, Shakila},
  journal={The International Journal of Social Sciences},
  volume={30},
  number={1},
  pages={52--63},
  year={2015}
}

@article{Ye,
  title={The Interpersonal Metafunction Analysis of {Barack Obama}'s Victory Speech.},
  author={Ye, Ruijuan},
  journal={English Language Teaching},
  volume={3},
  number={2},
  pages={146--151},
  year={2010},
  publisher={ERIC}
}
